% Encoding: UTF-8

@WWW{statista_global,
  author = {Statista},
  title  = {Umsatz mit Cloud Computing** weltweit von 2009 bis 2016 und Prognose bis 2020 (in Milliarden US-Dollar)},
  year   = {2016},
  url    = {https://de.statista.com/statistik/daten/studie/195760/umfrage/umsatz-mit-cloud-computing-weltweit-seit-2009/},
}

@WWW{destatis_2014,
  author = {Statistisches Bundesamt},
  title  = {12 \% der Unternehmen setzen auf Cloud Computing},
  year   = {2014},
  date   = {2014-12-19},
  url    = {https://www.destatis.de/DE/PresseService/Presse/Pressemitteilungen/2014/12/PD14_467_52911.html},
}

@WWW{destatis_2016,
  author = {Statistisches Bundesamt},
  title  = {17 \% der Unternehmen nutzten 2016 Cloud Computing},
  year   = {2017},
  date   = {2017-03-20},
  url    = {https://www.destatis.de/DE/PresseService/Presse/Pressemitteilungen/2017/03/PD17_102_52911.html},
}

@WWW{OpenTOSCA,
  author = {IAAS Universit√§t Stuttgart},
  title  = {OpenTOSCA - Open Source TOSCA Ecosystem},
  year   = {2013},
  url    = {http://www.iaas.uni-stuttgart.de/OpenTOSCA/},
}

@WWW{TOSCA-v1.0,
  title = {OASIS Standard. Topology and Orchestration Specification for Cloud Applications Version 1.0},
  date  = {2013-11-25},
  url   = {http://docs.oasis-open.org/tosca/TOSCA/v1.0/TOSCA-v1.0.html},
}

@Comment{jabref-meta: databaseType:biblatex;}
